3359 3851
1240 488 1675 551 —559—

679 677 736 740 Μ
761 691 777 708 ·
802 676 824 740 l
849 691 864 708 ·
893 678 935 740 S
963 690 981 710 ⁶
1010 679 1051 740 C
1077 691 1096 712 ·
1122 681 1169 742 E

680 791 952 871 scyphus
991 807 1119 872 rep.
1187 795 1371 873 Aquis
1437 793 1729 856 Mattiacis
1812 798 1873 856 et
1939 794 2001 855 in
2045 789 2243 851 Museo
2305 789 2455 851 Bon-

462 904 639 966 nensi
709 910 1066 967 asservatus.

677 1017 797 1069 Dor.
839 1016 857 1067 l
913 1029 963 1078 p.
1000 1015 1069 1069 58
1106 1029 1148 1069 e.
1186 1015 1306 1083 fig.;
1342 1016 1395 1069 L.
1430 1016 1484 1069 L.
1521 1017 1577 1080 ll,
1615 1013 1684 1067 72
1698 1029 1712 1080 ;
1750 1013 2014 1068 Overbeck
2049 1015 2082 1065 l.
2121 1025 2163 1064 c.
2200 1025 2250 1074 p.
2287 1007 2405 1062 138.

676 1112 985 1175 DTEREN'
1031 1114 1326 1176 PAMPHL
1374 1115 1635 1192 (Decimi
1681 1115 1933 1176 Terentii
1977 1110 2333 1189 Pamphili.)

675 1223 795 1287 Vas
823 1241 1069 1305 aeneum,
1116 1225 1439 1289 Heddernh.
1486 1242 1607 1306 rep.
1633 1233 1693 1290 et
1724 1230 1785 1290 in
1825 1226 2165 1288 collectione
2183 1222 2450 1285 Roemeri.

677 1336 855 1390 Simile
904 1349 996 1389 vas
1052 1337 1107 1389 in
1149 1337 1333 1401 Anglia
1382 1350 1489 1401 rep.
1528 1341 1606 1391 est
1643 1339 1961 1392 delineatum
1998 1338 2052 1389 in
2087 1337 2235 1389 Arch.
2271 1336 2454 1387 Journ.

467 1426 621 1481 1851.
673 1429 742 1483 29
812 1445 862 1495 p.
910 1428 1150 1498 35—373
1227 1434 1370 1487 Grut.
1426 1431 1546 1487 650.
1599 1432 1649 1486 1.
1710 1435 1765 1487 C.
1822 1435 2090 1488 Terentius
2154 1430 2455 1494 Pamphilus

463 1524 684 1579 libertus
723 1531 1064 1581 memoratur.

674 1622 729 1676 B.
767 1623 824 1674 in
860 1622 1070 1676 Franks.
1107 1622 1255 1677 Arch.
1292 1623 1352 1676 VI
1405 1633 1457 1686 p.
1491 1618 1576 1674 25.

673 1735 1064 1800 CORN·CVR
1543 1787 1552 1797 .

673 1850 975 1929 Amphora
1023 1848 1277 1932 grandis,
1323 1848 1651 1915 Heddernh.
1699 1865 1821 1932 rep.
1882 1856 1942 1914 et
1985 1853 2046 1916 in
2091 1847 2295 1911 eadem
2341 1843 2458 1907 col-

461 1951 711 2024 lectione
759 1971 1084 2028 asservata.

671 2073 728 2123 B.
766 2074 802 2125 1.
842 2086 886 2127 e.
923 2089 974 2139 p.
1009 2072 1096 2128 25.

647 2189 823 2256 'Num
888 2197 1240 2260 Cornelii
1302 2202 1689 2263 curatoris
1749 2214 1963 2261 nomen
2023 2192 2465 2269 intelligendum

434 2295 526 2355 Sit
597 2311 680 2365 an
727 2304 944 2373 VRnae
988 2309 1196 2374 modus
1245 2312 1636 2389 significetur,
1714 2313 2004 2374 incertum
2070 2305 2223 2369 idem
2290 2304 2463 2369 relin-

428 2405 591 2476 quit.

1391 2590 1491 2650 92.

1069 2696 1346 2786 Χορολη
1415 2719 1461 2764 s.
1509 2696 1860 2789 Χορυλου

645 2794 949 2882 Amphora
1012 2826 1201 2894 parva
1245 2815 1441 2883 fictilis
1486 2816 1866 2893 Heddernh.
1910 2831 2036 2895 rep.
2082 2814 2145 2872 et
2186 2811 2248 2870 in
2292 2803 2500 2865 eadem

395 2883 781 2980 collectione
834 2934 1173 2998 asservata.

378 3227 408 3271 c
1521 3220 1531 3233 .
1583 3223 1599 3237 .

358 3233 721 3403 egrgotesss
784 3299 940 3372 quod
1018 3305 1340 3399 lltterarum
1389 3335 1522 3419 tract
1567 3242 1594 3293 1
1668 3309 1924 3397 1766
1993 3295 2070 3358 ‘m
2101 3270 2369 3352 amphora
2552 3373 2563 3385 .

337 3441 456 3502 car}
579 3383 856 3482 expressi
918 3432 1079 3498 sunt
1517 3372 1596 3504 ’ΠΒ
1672 3453 1781 3515 0
1798 3415 2128 3488 1111}an
2184 3393 2368 3451 omnes
2409 3379 2597 3434 extri-
