3359 3851
1642 540 2080 600 -560—

871 726 1139 789 lectionis
1188 733 1342 789 sunt.
1445 726 1684 789 Tabella
1732 731 1879 807 ipsa,
1926 744 2000 789 ex
2046 746 2161 807 qua
2207 728 2268 790 hi
2315 729 2642 791 litterarum
2687 743 2860 804 grae-

873 858 1068 903 carum
1118 847 1342 903 tractus
1390 842 1664 920 eminent,
1735 841 2089 902 circumdata
2158 848 2250 904 est
2297 841 2700 920 capitibus
2747 856 2859 902 seu

869 959 1067 1032 potius
1132 952 1497 1015 faciebus
1562 954 1958 1031 compluribus
2009 956 2217 1017 Solis
2284 954 2641 1023 radiatis,
2703 967 2859 1030 quae

867 1072 1178 1128 maximam
1241 1073 1465 1144 partem
1526 1070 1609 1127 ita
1669 1069 2049 1142 inscriptione
2110 1072 2422 1144 teguntur,
2485 1071 2550 1127 ut
2621 1064 2858 1128 dimidia

875 1181 998 1242 fere
1063 1187 1232 1257 parte
1304 1186 1531 1241 tantum
1593 1181 2040 1255 conspiciantur.
2147 1181 2413 1242 Ceterum
2474 1178 2694 1239 urceoli
2739 1177 2855 1240 duo

880 1293 1142 1354 eiusdem
1204 1292 1444 1365 argillae
1503 1290 1822 1368 eodemque
1869 1291 1999 1353 loco
2046 1294 2258 1368 reperti
2305 1297 2365 1352 et
2411 1290 2564 1368 apud
2612 1288 2860 1353 eundem

878 1407 1160 1467 asservati
1212 1403 1454 1464 adversa
1499 1409 1666 1480 parte
1730 1403 2015 1464 similibus
2074 1404 2227 1465 Solis
2276 1404 2567 1482 capitibus
2612 1403 2857 1466 radiatis

875 1519 1066 1576 ornati
1129 1521 1284 1593 sunt,
1333 1532 1483 1593 quae
1550 1531 1693 1575 rasa
1756 1518 1864 1576 tria
1928 1515 2084 1576 haud
2149 1520 2268 1579 scio
2334 1531 2409 1576 an
2478 1516 2550 1577 ad
2611 1517 2857 1579 Mithrae

876 1629 1296 1690 Heddernllemi
1373 1644 1587 1704 magno
1670 1627 1892 1690 honore
1994 1628 2180 1690 habiti
2265 1630 2484 1691 cultum
2561 1629 2849 1692 referendi

876 1745 1008 1803 sint.

1804 1857 1903 1915 93.

1077 1967 1416 2030 YTIFELIX
1462 1966 1585 2028 m*

1083 2081 1178 2141 Uti
1228 2082 1368 2141 felix
1415 2084 1593 2141 vivaS.

1086 2193 1308 2267 Tegula
1380 2191 1801 2254 Heddernhemi
1861 2201 2091 2270 reperta
2155 2200 2215 2254 et
2277 2208 2369 2271 ap.
2418 2195 2616 2256 Roem.
2664 2208 2858 2255 asser-

880 2313 1033 2368 vata.
1100 2306 1578 2383 Supplementum
1630 2305 2032 2367 subministrat
2076 2307 2273 2381 tegula
2313 2322 2363 2367 a.
2419 2309 2582 2370 1842
2626 2309 2687 2367 in
2733 2308 2859 2366 vico

881 2419 1179 2479 Zahlbach
1264 2436 1445 2496 prope
1491 2420 1919 2492 Mogontiacum
1986 2427 2195 2496 eruta3
2264 2422 2322 2480 in
2392 2435 2506 2496 qua
2574 2425 2667 2480 est
2737 2419 2859 2481 VTI

881 2532 1334 2593 FELIXYIVAS.
1432 2532 1550 2591 Yid.
1600 2533 1658 2590 L.
1708 2533 1768 2592 L.
1816 2535 1875 2592 in
1921 2532 1980 2592 B.
2029 2533 2066 2591 I.
2116 2531 2164 2592 ΙΙ
2211 2549 2265 2609 p.
2314 2535 2605 2609 92—933
2655 2532 2741 2594 St.
2790 2532 2858 2610 11,

883 2648 1048 2720 5413
1098 2645 1156 2703 Z.
1221 2644 1271 2703 d.
1334 2645 1535 2704 Mainz.
1597 2644 1728 2705 Yer.
1794 2642 1815 2702 I
1879 2661 1934 2720 p.
2005 2649 2119 2721 873
2188 2645 2260 2705 ad
2319 2651 2580 2706 veterum
2625 2645 2863 2724 libandi,

877 2755 1238 2834 propinandi.
1289 2756 1613 2830 gratulandi
1676 2772 1899 2816 morem
1957 2763 2015 2816 et
2062 2758 2238 2818 verba
2301 2759 2581 2820 solemnia
2628 2758 2863 2837 FELIX,

880 2870 1097 2930 YIYAS
1166 2872 1362 2947 potius
1426 2885 1600 2946 quam
1661 2868 1733 2928 ad
1798 2870 2175 2930 christianam
2239 2869 2562 2932 doctrinam
2607 2872 2864 2933 referen-

882 2984 987 3044 dae
1037 2997 1172 3043 sunt
1237 2985 1382 3044 tales
1445 2984 1893 3059 inscriptione5‚
1949 2982 2026 3041 cf.
2091 2984 2153 3044 Ο.
2202 2984 2352 3044 Jahn
2410 2986 2471 3047 in
2515 2986 2577 3046 Β.
2644 2983 2683 3045 Ι.
2733 2984 2865 3046 xm

881 3116 934 3175 p.
993 3101 1109 3159 105
1160 3112 1287 3173 sqq.

1090 3211 1141 3259 B.
1179 3212 1212 3260 1.
1251 3220 1291 3258 e.
1331 3221 1380 3269 p.
1420 3205 1504 3257 22.

998 3357 1602 3433 inscriptiones,
1651 3370 1844 3434 quae
1905 3359 1975 3416 in
2037 3356 2296 3416 anulis
2353 3356 2730 3431 leguntur.

1826 3471 1926 3530 94.

1097 3595 1147 3609 ··
1197 3582 1300 3641 AM
1350 3581 1727 3642 COMPESCE
1774 3579 2167 3642 PATIENTIA

1096 3693 1243 3752 Iram
1290 3710 1594 3771 compesce
1641 3697 1940 3772 patientia.
