3359 3851
1198 466 1634 530 -509-

632 658 755 720 Hae
797 657 1028 721 litterae
1084 657 1363 734 leguntur
1415 659 1483 723 in
1538 657 1872 735 fragmento
1933 671 2089 736 arae,
2133 671 2186 718 a.
2239 657 2407 720 182ss

421 775 657 851 reperto
703 775 763 834 et
805 773 868 838 ln
907 769 1110 836 Museo
1155 775 1476 835 asservato.

1368 911 1472 971 36.

1348 1021 1394 1082 Ε
1417 1021 1469 1082 R

637 1133 759 1196 Hae
823 1132 975 1195 duae
1041 1132 1276 1197 litterae
1320 1135 1492 1195 iuxta
1555 1133 1767 1211 capitis
1812 1146 1949 1194 arae
2008 1129 2276 1193 foramen
2339 1127 2412 1190 acl

428 1248 682 1308 catinum
696 1245 1057 1309 inferendum
1075 1252 1281 1325 aptum
1299 1246 1630 1326 insculptae
1645 1251 1799 1308 sunt.
1846 1246 2100 1324 Reperta
2113 1244 2211 1307 εει·
2224 1240 2427 1305 eodem

426 1372 579 1421 anno
627 1363 689 1421 et
730 1361 791 1422 ln
833 1359 1031 1422 Museo
1089 1362 1408 1422 asservata.

632 1470 766 1522 Ann.
800 1468 840 1534 1,
874 1464 911 1519 2
948 1468 1049 1523 tab.
1085 1468 1149 1522 vl
1184 1468 1272 1533 ng.
1307 1470 1327 1523 1
1362 1472 1414 1523 et
1448 1470 1510 1534 11,
1549 1464 1582 1519 1
1619 1479 1668 1531 p.
1699 1463 1785 1521 43.

1387 1603 1496 1661 37.

1113 1785 1118 1789 ,
1388 1709 1483 1771 ῙΤ

647 1820 772 1883 Hae
815 1818 964 1881 duae
1021 1818 1254 1882 litterae
1314 1820 1388 1885 ab
1451 1827 1705 1900 utroque
1764 1821 1948 1884 latere
2014 1819 2318 1883 foraminis
2363 1820 2425 1880 in

427 1949 574 1996 arae
623 1936 817 2012 capite
860 1932 1192 2012 insculptae
1235 1934 1542 2016 leguntur,
1590 1950 1742 2013 quae
1788 1950 1840 1996 a.
1872 1936 2038 1998 1826
2083 1938 2318 2011 reperta
2362 1934 2425 1994 in

433 2046 638 2109 Museo
703 2050 1056 2109 asservatur.

627 2185 769 2235 Ann.
804 2182 842 2246 l,
877 2179 913 2233 2
968 2182 1074 2235 tab.
1111 2182 1173 2235 vl
1226 2181 1313 2246 fig.
1350 2183 1371 2235 1
1425 2195 1456 2234 a
1491 2184 1546 2236 et
1580 2183 1642 2246 11,
1684 2181 1716 2233 1
1775 2195 1827 2245 p.
1863 2179 1951 2234 42.

634 2279 665 2339 I
712 2293 789 2341 an
832 2280 876 2340 L
924 2282 1210 2358 scriptum
1254 2279 1351 2357 sit,
1395 2281 1688 2342 incertum
1732 2282 1843 2338 est.

1380 2530 1487 2590 38.

1291 2639 1419 2702 DIS
1444 2639 1550 2703 MN

1231 2751 1591 2827 QFAVONO

1257 2863 1578 2936 xaRoFlL

619 3582 729 3646 Diis
763 3570 1005 3635 Manibus
1027 3512 1967 3674 QUWOEO
2002 3572 2106 3643 ffim
2140 3556 2373 3633 Quintus
2389 3547 2575 3608 Faffi·

614 3695 772 3719 tra-..fl
843 3681 1039 3719 [milam
1130 3688 1162 3719 9
1179 3690 1209 3719 x
1403 3632 1574 3719 vobi-⁰
1988 3700 1999 3714 ι
2015 3681 2228 3715 -.mimssss
2304 3643 2588 3713 secundae
