3359 3851
1643 509 1927 571 -532
2009 541 2093 556 --

882 700 943 761 in
1003 700 1255 776 quinque
1317 674 1525 762 versus
1593 702 1957 761 contractam
2019 697 2276 761 exhibet.
2389 696 2649 763 Alteram
2707 697 2871 760 Hutt.

884 816 1123 874 secutus
1169 816 1262 872 est
1310 812 1399 872 Gr.
1448 813 1563 891 58,
1611 816 1670 887 3,
1717 816 1943 874 mutata
1990 816 2183 874 tamen
2233 813 2413 873 tacite
2459 811 2656 873 littera
2703 811 2745 873 O
2813 823 2867 873 v.

884 926 926 986 4
990 926 1052 985 in
1128 923 1186 995 Q.
1252 924 1557 986 Gruterum
1645 927 1834 987 secuti
1901 931 2041 987 sunt
2110 924 2238 987 Joh.
2301 924 2503 1003 XXIV,
2573 926 2657 987 St.
2722 927 2869 1004 248,

882 1038 952 1099 de
1000 1036 1131 1101 Wal
1192 1036 1369 1109 Myth.
1438 1040 1600 1116 3403
1648 1039 1782 1099 Laz.
1829 1056 1886 1117 p.
1951 1040 2076 1100 582
2138 1040 2198 1101 in
2246 1042 2524 1117 quattuor
2567 1038 2865 1116 versibus3

876 1152 940 1213 F.
987 1151 1012 1213 Ι
1055 1168 1113 1229 p.
1161 1154 1246 1213 34
1316 1164 1368 1214 V.
1417 1153 1454 1213 5
1505 1152 1864 1213 centurionis
1938 1154 2169 1226 signum
2232 1149 2390 1211 addit
2406 1166 2423 1228 3
2512 1151 2573 1212 L.
2620 1154 2679 1212 in
2722 1151 2870 1212 Ann.

870 1265 895 1326 I
940 1281 996 1342 p.
1054 1267 1130 1326 17
1179 1266 1577 1339 fragmentum
1621 1262 1764 1324 illud
1834 1263 2019 1325 denuo
2065 1269 2359 1341 repertum
2403 1263 2663 1324 restitnit
2708 1278 2869 1323 eum-

869 1392 983 1454 que
1031 1382 1272 1438 secutus
1336 1381 1430 1438 est
1495 1376 1646 1439 Win.
1718 1379 1833 1454 413
1878 1383 2089 1453 postea
2148 1391 2282 1439 vero
2330 1377 2391 1437 L.
2441 1380 2542 1453 87,
2609 1379 2870 1453 itemque

870 1491 956 1551 St.
1004 1489 1072 1568 li,
1122 1491 1244 1550 682
1294 1490 1335 1549 F
1344 1488 1531 1549 uchsii
1589 1489 1873 1551 lectiones
1935 1489 2344 1567 probaverunt.
2463 1488 2555 1551 Kl.
2602 1491 2662 1551 in
2710 1489 2860 1551 Ann.

872 1602 947 1666 lv
990 1620 1048 1682 p.
1095 1603 1221 1664 312
1269 1607 1415 1679 ete.;
1464 1602 1614 1676 Ring
1657 1602 1683 1663 I
1728 1619 1785 1680 p.
1833 1603 1981 1663 345.

1093 1718 1147 1779 1.
1194 1715 1392 1778 Martis
1440 1731 1765 1789 cognomen
1824 1716 2080 1776 Leucetii
2127 1716 2405 1789 originem
2467 1716 2721 1778 traxisse
2779 1712 2873 1777 τί·

873 1829 1040 1892 detur
1084 1844 1119 1889 a
1165 1829 1390 1906 LeuciS‚
1440 1829 1655 1890 Galliae
1678 1829 1947 1903 Belgicae
1998 1834 2190 1906 gente,
2237 1829 2363 1889 ride
2408 1828 2604 1889 Schm.
2653 1827 2866 1889 Gesch.

869 1959 920 2006 v.
966 1945 1133 2005 Hess
1197 1943 1246 2005 ΙΙ
1288 1960 1345 2019 p.
1418 1947 1544 2004 399
1607 1947 1665 2004 et
1713 1943 1802 2003 Kl.
1850 1947 1909 2003 iu
1957 1944 2100 2002 Ann.
2163 1943 2199 2002 l.
2249 1959 2296 2003 c.
2343 1959 2400 2021 p.
2447 1945 2593 2005 314.
2644 1958 2731 2022 sq.
2781 1942 2864 2004 cf.

872 2058 937 2120 N.
984 2062 1066 2119 98
1115 2060 1174 2117 et
1223 2060 1303 2117 99
1353 2059 1412 2115 et
1458 2056 1635 2116 Bonn.
1679 2054 1720 2114 Ι.
1769 2054 1949 2115 xviii
1993 2071 2048 2132 p.
2099 2057 2241 2116 243.

1078 2172 1138 2230 3.
1186 2168 1460 2229 Antonini
1517 2167 1604 2227 Pii
1652 2168 1832 2227 aetati
1898 2166 1995 2243 (a.
2057 2181 2114 2245 p.
2165 2167 2295 2229 Chr.
2353 2182 2410 2227 n.
2463 2164 2858 2244 138—161)

863 2282 1163 2359 inscriptio
1210 2279 1550 2340 vindicanda
1595 2286 1707 2358 est,
1756 2295 2110 2358 quamquam
2154 2279 2213 2342 L.
2261 2277 2414 2342 falso
2462 2283 2634 2342 nisus
2681 2295 2862 2355 argu·

864 2399 1060 2455 mento
1108 2393 1181 2453 ad
1224 2408 1275 2454 a.
1331 2396 1449 2455 139
1496 2396 1692 2470 ipsum
1737 2409 1866 2456 eam
1909 2395 2127 2457 referre
2173 2396 2421 2456 conatus
2469 2400 2582 2473 est,
2627 2393 2739 2456 vid.
2781 2393 2857 2455 K.

865 2506 904 2569 l.
952 2523 1001 2569 c.
1045 2523 1103 2586 p.
1151 2509 1299 2568 319.

1076 2647 1134 2707 4.
1181 2648 1367 2720 Ring:
1412 2644 1840 2707 voccoxivs
1977 2646 2038 2708 o.
2090 2645 2231 2708 olus
2275 2648 2312 2708 i.
2359 2663 2408 2709 e.
2458 2645 2664 2726 Aulus,
2709 2607 2843 2708 vide

869 2758 1151 2822 Zeitschr.
1199 2757 1251 2820 d.
1285 2759 1488 2819 MainZ.
1527 2758 1769 2819 Vereins
1832 2758 1858 2820 I
1900 2775 1956 2835 p.
2026 2761 2170 2821 200.

1077 2876 1136 2934 5.
1182 2872 1266 2934 De
1325 2872 1554 2948 legione
1599 2872 1758 2933 XXII
1801 2872 1929 2932 vide
1993 2872 2065 2933 ad
2122 2871 2184 2934 N.
2238 2875 2293 2934 1.

1074 2985 1223 3047 Tota
1282 2988 1460 3060 igitur
1516 2987 1817 3063 inscriptio
1895 3001 1970 3049 cx
2030 2985 2091 3047 L.
2169 2986 2460 3048 sententia
2519 2984 2671 3049 hanc
2731 2987 2859 3052 for-

866 3115 1023 3161 mam
1072 3098 1356 3163 habuisse
1402 3099 1653 3161 videtur:

1738 3210 1967 3273 MARTI

1668 3297 2026 3360 LEYCETIO

1633 3385 2070 3447 PROSALVTE

1507 3471 1632 3533 IMP
1654 3489 1666 3502 ·
1687 3473 1939 3532 DOMINI
1962 3489 1974 3501 ·
1993 3474 2040 3532 N
2057 3488 2070 3501 ·
2087 3472 2197 3533 NG

1548 3559 1645 3621 ΡΠ
1665 3577 1677 3589 ”
1697 3558 2156 3620 0·YOCON1VS

1494 3644 1809 3708 VITVLYS
1831 3663 1842 3674 ·
1862 3646 1998 3704 LEG
2019 3661 2031 3673 ”
2047 3644 2206 3704 XXII

1481 3733 1578 3794 PR
1599 3750 1611 3762 ·
1629 3735 1675 3794 P
1726 3732 1768 3790 F
1792 3748 1804 3759 ·
1823 3730 2221 3793 PONENDVM
