3359 3851
1646 488 2089 550 -562-

1815 682 1914 741 97.

1858 790 1883 852 1

1788 903 1961 965 MAR

1091 1015 1157 1076 In
1174 1013 1346 1076 anulo
1373 1018 1649 1088 argenteo
1676 1017 1771 1093 (C,
1791 1016 1879 1094 4),
1923 1017 2093 1094 quiin
2112 1015 2311 1078 Museo
2336 1020 2688 1094 asservatur,
2713 1013 2869 1076 haec

882 1128 1179 1205 leguntur,
1227 1143 1377 1204 quae
1425 1128 1685 1189 fortasse
1731 1127 2194 1207 Martialem,
2255 1127 2497 1202 figulum
2555 1129 2702 1188 satis
2758 1142 2869 1191 no-

885 1247 1029 1315 tum,
1091 1240 1365 1317 indicant,
1430 1255 1608 1316 quum
1668 1240 1692 1301 I
1739 1256 1881 1302 casu
1925 1243 2123 1318 potius
2167 1242 2351 1301 incisa
2397 1256 2530 1302 esse
2577 1238 2859 1302 videatur.

885 1355 935 1416 A
994 1354 1191 1415 littera
1253 1350 1466 1413 lineola
1529 1358 1689 1415 caret
1751 1359 2101 1416 transversa.
2165 1353 2251 1414 Cf.
2312 1353 2375 1415 L.
2444 1352 2504 1414 L.
2549 1353 2611 1414 B.
2660 1353 2863 1419 Jahrb.

885 1467 1030 1545 vm,
1075 1483 1132 1545 p.
1186 1466 1343 1543 1643
1389 1466 1473 1526 St.
1522 1465 1590 1545 ΙΙ,
1644 1468 1828 1528 1627.

1815 1582 1916 1639 98.

1812 1691 1907 1753 AS

1834 1804 1896 1864 Cl

1094 1918 1250 1981 Asci.

1089 2032 1245 2093 Haec
1311 2030 1587 2104 leguntur
1652 2029 1714 2089 in
1780 2025 1954 2089 anulo
2032 2042 2215 2088 aeneo
2295 2027 2368 2088 ad
2438 2024 2866 2102 obsignandum

883 2149 1042 2222 apto,
1102 2144 1200 2219 qui
1246 2155 1296 2202 a.
1350 2145 1515 2202 1823
1566 2140 1923 2203 wormatiae
1986 2146 2254 2218 repertus
2313 2139 2488 2204 hodie
2548 2143 2610 2203 in
2663 2131 2864 2204 Museo

882 2260 1218 2318 asservatur
1282 2255 1374 2334 (C,
1423 2254 1510 2331 5).
1604 2253 1692 2315 Cf.
1740 2254 1800 2315 L.
1849 2253 1910 2314 L.
1957 2253 1995 2315 l.
2043 2270 2092 2313 c.

1819 2372 1921 2429 99.

1686 2480 1817 2543 l·O
1846 2497 1859 2513 ·
1885 2480 1933 2542 V
1961 2497 1974 2512 ·
2002 2479 2043 2540 C

1089 2594 1156 2654 In
1200 2592 1374 2655 anulo
1432 2598 1710 2668 argenteo
1772 2606 1826 2652 a.
1881 2594 2044 2654 1853
2102 2592 2162 2656 in
2221 2594 2347 2654 vico
2393 2589 2725 2653 Marienfels
2771 2603 2865 2656 re-

883 2711 1049 2786 perto
1120 2711 1182 2767 et
1235 2709 1296 2769 in
1340 2706 1538 2768 Museo
1589 2705 1682 2783 (C,
1732 2703 1800 2781 6)
1847 2710 2166 2769 asservato.
2259 2703 2403 2780 Quid
2462 2704 2574 2767 hae
2633 2703 2870 2767 litterae

885 2820 1232 2898 significent,
1277 2821 1560 2883 incertum
1604 2822 1714 2881 est.

1808 2934 1949 2993 100.

1796 3042 1935 3104 IAG

1086 3156 1244 3218 Haec
1286 3155 1560 3231 leguntur
1604 3157 1664 3218 in
1711 3154 1883 3217 anulo
1944 3158 2245 3232 argenteo,
2306 3168 2358 3216 a.
2412 3155 2577 3216 1849
2622 3154 2681 3216 in
2726 3154 2866 3216 vico

881 3268 1214 3334 Marienfels
1258 3274 1512 3348 reperm,
1581 3270 1679 3349 qui
1725 3270 1784 3330 111
1829 3267 2027 3329 Museo
2076 3269 2169 3347 (C,
2220 3267 2287 3346 7)
2334 3273 2686 3332 asservatur.

1792 3381 1933 3444 101.

1818 3472 1963 3686 ff&

1098 3724 1224 3787 Hoc
1267 3723 1550 3800 labarum,
1597 3725 1751 3801 quod
1798 3730 2026 3803 vocant,
2072 3729 2165 3788 est
2224 3730 2283 3789 in
2328 3725 2660 3800 fragmento
2703 3722 2870 3787 anuli
