3359 3851
1255 507 1699 566 -561—

1433 698 1532 757 95.

1321 808 1635 883 QVINTVS

1314 922 1639 983 MARTINE

697 1031 949 1105 Quintus
995 1032 1277 1095 Martinae
1325 1032 1453 1110 (sc.
1502 1049 1644 1094 suae
1694 1033 1860 1108 dat.)

701 1143 766 1205 In
810 1144 990 1205 anulo
1037 1160 1212 1207 aureo
1261 1146 1351 1223 (C,
1400 1146 1490 1223 2),
1549 1150 1648 1222 qui
1694 1150 1754 1208 in
1799 1146 1996 1205 Museo
2042 1146 2395 1204 asservatur.

714 1256 1105 1318 Praenomine
1184 1258 1311 1320 solo
1374 1258 1704 1330 Quintus
1771 1257 1871 1318 ille
1929 1272 2078 1319 usus
2125 1262 2239 1333 est,
2309 1272 2487 1333 quum

487 1369 723 1430 amicus
771 1372 1044 1448 amicam,
1092 1376 1158 1432 ut
1203 1371 1445 1448 ridetur,
1492 1370 1855 1431 familiariter
1913 1376 1973 1431 et
2018 1372 2299 1431 amatorie
2346 1368 2487 1429 allo·

496 1497 692 1559 quens
737 1481 852 1543 hoc
899 1484 1070 1556 signo
1119 1487 1331 1546 amoris
1376 1483 1637 1547 donaret.
1690 1483 1774 1542 Cf.
1823 1484 1883 1544 L.
1931 1483 1990 1543 L.
2037 1482 2074 1545 l.
2123 1498 2170 1544 c.
2218 1499 2274 1559 p.
2329 1484 2482 1557 1633

495 1591 589 1654 St.
641 1593 707 1672 ΙΙ,
760 1596 946 1656 1626.

1439 1764 1539 1822 96.

1320 1871 1638 1934 PVLVERI

1325 1985 1588 2047 ZHCAIC

711 2095 944 2157 Pulveri
992 2085 1255 2179 ζήσαις.

713 2206 871 2269 Haec
917 2208 1193 2282 leguntur
1238 2213 1297 2272 in
1335 2210 1492 2272 anuli
1534 2210 1760 2282 onyche
1810 2208 2164 2287 (Carnem),
2214 2210 2310 2284 qui
2360 2223 2489 2267 cum

496 2316 723 2398 fibulis,
771 2319 994 2380 acubus
1029 2326 1326 2396 argenteis
1370 2323 1599 2399 alioque
1643 2323 1856 2382 mundo
1903 2320 2169 2380 muliebri
2216 2335 2267 2379 a.
2324 2321 2487 2380 1834

494 2432 662 2492 intra
765 2432 1074 2494 castellum
1172 2437 1494 2498 Romanum
1611 2449 1795 2511 prope
1891 2432 2092 2507 Aquas
2186 2431 2491 2490 Mattiacas

491 2545 558 2605 in
608 2542 857 2623 puellae,
925 2543 1229 2609 duodecim
1298 2550 1421 2611 fere
1467 2562 1654 2608 annos
1702 2552 1897 2623 natae,
1961 2543 2231 2621 sepulcro
2293 2546 2489 2604 inven—

493 2663 622 2734 tus,
671 2671 761 2735 ap.
808 2657 915 2723 Ph.
964 2657 1390 2741 Lugenbuehi,
1450 2666 1836 2723 mercatorem
1897 2658 2338 2718 Mattiacensem
2394 2670 2489 2714 as-

492 2775 768 2832 servatur
813 2771 910 2847 (C,
957 2770 1047 2844 3).

714 2883 785 2934 st.
823 2883 885 2946 11,
923 2877 1055 2943 6863
1093 2884 1149 2934 Β.
1186 2885 1238 2936 in
1260 2881 1471 2937 Franks.
1506 2883 1654 2932 Arch.
1690 2883 1765 2943 Vl,
1805 2895 1851 2943 p.
1890 2878 1972 2932 24.

717 3034 766 3092 1.
814 3028 1141 3092 PVLVERI
1205 3036 1288 3092 ita
1333 3027 1677 3107 legendum,
1749 3044 1868 3091 non
1931 3028 2194 3105 Tuberi,
2263 3031 2329 3087 ut
2375 3026 2499 3103 St.;

490 3145 652 3227 quod
697 3143 833 3223 quid
896 3141 979 3200 sit
1024 3138 1265 3204 difficile
1312 3151 1405 3205 est
1467 3143 1893 3218 interpretatu:
1948 3142 2131 3202 latina
2177 3146 2334 3200 certe
2380 3155 2504 3200 vox

489 3265 603 3338 est,
649 3272 761 3320 non
788 3263 1034 3330 graeca,
1082 3260 1142 3313 et
1169 3257 1427 3320 sortasse
1454 3258 1682 3332 patrem
1707 3257 1958 3332 puellae,
2005 3255 2162 3315 anuli
2197 3251 2333 3314 oiim
2364 3266 2511 3325 pos-

482 3387 778 3440 sessorem
858 3361 1074 3438 (cuius
1145 3381 1359 3431 nomen
1407 3368 1675 3443 genetivo
1736 3383 1881 3429 casu
1942 3371 2080 3444 poni
2127 3366 2278 3426 solet
2326 3368 2395 3422 ut
2448 3366 2510 3424 N.

467 3497 602 3580 93)
682 3479 926 3548 indicat
943 3487 961 3548 3
1079 3477 1268 3540 simile
1360 3486 1456 3544 est
1539 3476 1857 3543 PYLVERI
1945 3478 2293 3541 EvloEch
2413 3492 2511 3554 ap.

456 3616 733 3684 MommS·
788 3590 846 3648 J.
901 3581 969 3644 N.
1020 3586 1209 3666 6310,
1260 3594 1407 3656 274,
